<record xmlns="http://www.openarchives.org/OAI/2.0/" xmlns:xsi="http://www.w3.org/2001/XMLSchema-instance"><header><identifier>oai:alma.34CSIC_INST:990013495950204201</identifier><datestamp>2020-02-06T08:41:03Z</datestamp><setSpec>manuscripta</setSpec></header><metadata><record xmlns="http://www.loc.gov/MARC21/slim" xmlns:xsi="http://www.w3.org/2001/XMLSchema-instance" xsi:schemaLocation="http://www.loc.gov/MARC21/slim http://www.loc.gov/standards/marcxml/schema/MARC21slim.xsd"><leader>09723ntm a2200661 i 4500</leader><controlfield tag="005">20181031100402.0</controlfield><controlfield tag="008">010824s16841095sp            000 0 ara d</controlfield><controlfield tag="001">990013495950204201</controlfield><datafield tag="035" ind1=" " ind2=" "><subfield code="a">CSIC001349595</subfield></datafield><datafield tag="035" ind1=" " ind2=" "><subfield code="a">(ES-MaCSI)001349595MAD01-Aleph</subfield></datafield><datafield tag="035" ind1=" " ind2=" "><subfield code="a">(OCoLC)1123843251
</subfield></datafield><datafield tag="040" ind1=" " ind2=" "><subfield code="a">ES-MaCSI</subfield><subfield code="b">spa</subfield><subfield code="c">VL</subfield></datafield><datafield tag="100" ind1="1" ind2=" "><subfield code="a">Salṭī, Muḥyī l-Dīn al-</subfield><subfield code="d">(m. ca. 1692).</subfield></datafield><datafield tag="245" ind1="1" ind2="2"><subfield code="a">ايضاح المرامي شرح هداية الرامي </subfield><subfield code="h">[Manuscrito]</subfield><subfield code="c">/ محي الدين بن ابي بكر تقي الدين السلطى.</subfield></datafield><datafield tag="260" ind1=" " ind2=" "><subfield code="c">1684 [1095 de la Hégira].</subfield></datafield><datafield tag="300" ind1=" " ind2=" "><subfield code="a">148 f. con guardas al principio y al final (de los cuales los dos últimos están sin foliar) ;</subfield><subfield code="c">20,5 x 13,5 cm (caja: 17 x 8 cm).</subfield></datafield><datafield tag="490" ind1="0" ind2=" "><subfield code="a">Manuscripta</subfield></datafield><datafield tag="546" ind1=" " ind2=" "><subfield code="a">Arabe</subfield><subfield code="b">Escritura nasjí</subfield></datafield><datafield tag="500" ind1=" " ind2=" "><subfield code="a">Título transliterado: Iḍāh al-marāmī šarḥ hidāyat al-rāmī</subfield></datafield><datafield tag="500" ind1=" " ind2=" "><subfield code="a">Distribución: 1 col. (escasos folios que tienen una distribución a 2 col.) Tiene 19 líneas por página, excepto el folio 1v que tiene 15 líneas.</subfield></datafield><datafield tag="500" ind1=" " ind2=" "><subfield code="a">Material: Papel</subfield></datafield><datafield tag="500" ind1=" " ind2=" "><subfield code="a">Tinta: Negra y roja</subfield></datafield><datafield tag="500" ind1=" " ind2=" "><subfield code="a">‪Incipit:‫(بعد البسملة) يقول الفقير الى مولاه المعطي محي الدين بن ابي بكر تقي الدين السلطى خادم الطرايق والادب بدمشق الشام</subfield></datafield><datafield tag="500" ind1=" " ind2=" "><subfield code="a">‪Explicit:وقد اختصرت العبارات هنا لما رايت الاحد قصير، وكان من فضل الله تبارك وتعالى عليّ في ذلك كل عسير يسير</subfield></datafield><datafield tag="500" ind1=" " ind2=" "><subfield code="a">Lugar de escritura: No consta</subfield></datafield><datafield tag="500" ind1=" " ind2=" "><subfield code="a">Fecha completa: 1684 [ḏū l-qa`da 1095 / noviembre de 1684]</subfield></datafield><datafield tag="500" ind1=" " ind2=" "><subfield code="a">محي الدين ابن تقي الدين الدمشقي والسلطىCopista:‭</subfield></datafield><datafield tag="500" ind1=" " ind2=" "><subfield code="a">Colofón:‭ ‮وقد ---- هذا التحرير المزاد على تحرير اصله، والكل مني واليّ في اواخر شهر ذى القعدة الحرام الذي هو من شهور سنة خمس وتسعين والف على يد مؤلفه وراسمه الفقير الحقير محي الدين ابن تقي الدين شيخ ادب دمشق الشام الدمشقي والسلطى ---- عفى عنهما عنه وكرمه وعن جميع المسلمين امين</subfield></datafield><datafield tag="500" ind1=" " ind2=" "><subfield code="a">Características especiales: Texto no vocalizado</subfield></datafield><datafield tag="500" ind1=" " ind2=" "><subfield code="a">Ilustración: No</subfield></datafield><datafield tag="500" ind1=" " ind2=" "><subfield code="a">Ilustraciones: Entre oraciones, a modo de signo de puntuación, se utiliza en tinta roja la coma árabe (٬). Por otro lado, como elemento decorativo se utiliza un guión encima de algunos vocablos. Algunas palabras del texto se marcan en su mayoría en tinta roja, otras lo hacen en tinta azul, aunque ésta última no se aprecia bien porque el color de la tinta ha perdido intensidad y parece ya más bien de color gris.</subfield></datafield><datafield tag="500" ind1=" " ind2=" "><subfield code="a">Tipo de cuaderno: 15 cuads.: El primer y último cuaterniones más un folio suelto cada uno y el resto quiniones.</subfield></datafield><datafield tag="500" ind1=" " ind2=" "><subfield code="a">Deterioros: Muy buen estado del texto y la cubierta</subfield></datafield><datafield tag="500" ind1=" " ind2=" "><subfield code="a">H en blanco: 3 H en Blanco: 146 más 2 folios sin numerar que le siguen</subfield></datafield><datafield tag="500" ind1=" " ind2=" "><subfield code="a">H dañadas, mutiladas, sueltas: Últimos folios del volumen</subfield></datafield><datafield tag="500" ind1=" " ind2=" "><subfield code="a">H faltan o añadidas: No</subfield></datafield><datafield tag="500" ind1=" " ind2=" "><subfield code="a">Foliación: Sin foliación original. Foliación moderna a tinta negra cuyo autor se desconoce.</subfield></datafield><datafield tag="500" ind1=" " ind2=" "><subfield code="a">Reclamos: Reclamos en tinta negra (raras veces en tinta roja) en el margen inferior izquierdo de todos los folios verso, excepto en el 145v.</subfield></datafield><datafield tag="500" ind1=" " ind2=" "><subfield code="a">Sign. cuad.: No</subfield></datafield><datafield tag="500" ind1=" " ind2=" "><subfield code="a">Pautado: Línea tirada cuando se trata de texto en prosa y a 2 col. cuando se trata de texto en poesía; escrito en un marco de fina línea roja. No se aprecia.</subfield></datafield><datafield tag="500" ind1=" " ind2=" "><subfield code="a">Filigrana: Escudo de armas con cuerno con lazo en orientación horizontal en el interior y corona de cinco picos con perlas rematando el escudo en su parte superior. Tres circunferencias dispuestas una encima de otra, la del centro contiene las letras “BG” en mayúsculas, la primera contiene una cruz gótica y la tercera vacía. Las tres circunferencias son rematadas en su parte superior por tres cruces unidas por una línea horizontal en su parte inferior.</subfield></datafield><datafield tag="500" ind1=" " ind2=" "><subfield code="a">Encuadernación: Cartera con solapa de cierre en cartón forrada con papel colorado y lomos en piel marrón sobre cartón. El lomo con tejuelo de piel roja para el título en francés y en letras mayúsculas doradas “Mohhy el-Din. Armes de Guerre. Ms. Arab”.</subfield></datafield><datafield tag="541" ind1=" " ind2=" "><subfield code="a">Procedencia: No consta</subfield></datafield><datafield tag="541" ind1=" " ind2=" "><subfield code="d">Ingreso: No consta</subfield></datafield><datafield tag="500" ind1=" " ind2=" "><subfield code="a">Signatura antigua: VOL. XV ; A-5-15</subfield></datafield><datafield tag="500" ind1=" " ind2=" "><subfield code="a">Anotaciones: Tanto del mismo copista como de una mano posterior, son las escasas correcciones en los márgenes en tinta negra la mayoría y en tinta roja en algunos casos esporádicos. También encontramos anotaciones en las tapas por dentro encontramos anotaciones de una mano posterior en árabe; al igual que en la guarda del principio encontramos en castellano el texto siguiente: “Inédito. Falta en Brock” creemos que esta anotación pertenece a Concepción Catillo Castillo cuando catalogó el manuscrito allá por 1984. Sin embargo, se desconoce el autor de la anotación que aparece en el folio 1r debajo del título en francés, donde, en nueve líneas se describe el manuscrito en cuestión. Parte de este texto se perdió al guillotinarse el folio. También encontramos como anotaciones marginales comentarios sobre el contenido de la obra.</subfield></datafield><datafield tag="581" ind1=" " ind2=" "><subfield code="a">Descripción: Catálogo de la Exposición celebrada con motivo del cincuentenario: 1932-1982, Granada, 1982, 17; Castillo Castillo, C., Manuscritos arábigos que se conservan en la Escuela de Estudios Árabes de Granada. En: Cuadernos de historia del Islam 11 (1984), 232-233</subfield></datafield><datafield tag="530" ind1=" " ind2=" "><subfield code="a">Otros soportes: No</subfield></datafield><datafield tag="581" ind1=" " ind2=" "><subfield code="a">Edición: No</subfield></datafield><datafield tag="510" ind1="4" ind2=" "><subfield code="a">Catálogo de la Exposición celebrada con motivo del cincuentenario: 1932-1982, Granada, 1982</subfield><subfield code="c">p. 17</subfield></datafield><datafield tag="510" ind1="4" ind2=" "><subfield code="a">Manuscritos arábigos que se conservan en la Escuela de Estudios Árabes de Granada</subfield><subfield code="c">p. 232-233</subfield></datafield><datafield tag="520" ind1="2" ind2=" "><subfield code="a">Contenido: Iḍāh al-marāmī šarḥ hidāyat al-rāmī [GAL, S II, pág. 490]</subfield></datafield><datafield tag="651" ind1=" " ind2="7"><subfield code="a">Países islámicos</subfield><subfield code="x">Historia militar</subfield><subfield code="v">Manuscritos.</subfield><subfield code="2">CSICAU</subfield></datafield><datafield tag="650" ind1=" " ind2="7"><subfield code="a">Armas</subfield><subfield code="z">Países islámicos</subfield><subfield code="x">Historia</subfield><subfield code="v">Manuscritos.</subfield><subfield code="2">CSICAU</subfield></datafield><datafield tag="740" ind1="0" ind2=" "><subfield code="a">Iḍāh al-marāmī šarḥ hidāyat al-rāmī</subfield></datafield><datafield tag="830" ind1=" " ind2="0"><subfield code="a">Manuscripta</subfield></datafield><datafield tag="856" ind1="4" ind2="1"><subfield code="u">http://aleph.csic.es/imagenes/mad01/0006_PMSC/P_001349595_782630_V00.pdf</subfield><subfield code="z">Descargar Pdf completo (50M)</subfield><subfield code="m">CSIC</subfield></datafield><datafield tag="856" ind1="4" ind2="1"><subfield code="u">http://simurg.bibliotecas.csic.es/viewer/image/CSIC001349595/1/</subfield><subfield code="z">Ver texto completo en SIMURG, el portal de fondos digitalizados del CSIC</subfield><subfield code="m">CSIC</subfield></datafield><datafield tag="856" ind1="4" ind2="1"><subfield code="u">http://aleph.csic.es/imagenes/mad01/0006_PMSC/html/001349595.html</subfield><subfield code="z">Ver texto completo en Bookreader</subfield></datafield></record></metadata></record>